<record><leader>00000cas a22000007a 4500</leader><controlfield tag="001">18545763</controlfield><controlfield tag="008">880929d19161971nduwr ne      0    0eng d</controlfield><datafield ind1=" " ind2=" " tag="010"><subfield code="a">sn 88076656 </subfield></datafield><datafield ind1=" " ind2=" " tag="040"><subfield code="a">NOP</subfield><subfield code="b">eng</subfield><subfield code="c">NOP</subfield><subfield code="d">OCLCQ</subfield></datafield><datafield ind1=" " ind2=" " tag="042"><subfield code="a">msc</subfield></datafield><datafield ind1="0" ind2="4" tag="245"><subfield code="a">The Granville herald.</subfield></datafield><datafield ind1=" " ind2=" " tag="260"><subfield code="a">Granville, McHenry County, N.D. :</subfield><subfield code="b">C.R. Kendall</subfield></datafield><datafield ind1=" " ind2=" " tag="300"><subfield code="a">53 v. :</subfield><subfield code="b">ill. ;</subfield><subfield code="c">56 cm.</subfield></datafield><datafield ind1=" " ind2=" " tag="310"><subfield code="a">Weekly</subfield></datafield><datafield ind1="1" ind2=" " tag="362"><subfield code="a">Began in 1916?</subfield></datafield><datafield ind1="0" ind2=" " tag="362"><subfield code="a">-v. 65, no. 22 (Aug. 5, 1971).</subfield></datafield><datafield ind1=" " ind2=" " tag="500"><subfield code="a">Printed in Velva, N.D., 1955-1971.</subfield></datafield><datafield ind1=" " ind2=" " tag="530"><subfield code="a">Available on microfilm from the State Historical Society of North Dakota.</subfield></datafield><datafield ind1=" " ind2=" " tag="588"><subfield code="a">Description based on: Vol., 13, no. 40 (Jan. 3, 1917).</subfield></datafield><datafield ind1=" " ind2=" " tag="752"><subfield code="a">United States</subfield><subfield code="b">North Dakota</subfield><subfield code="c">McHenry</subfield><subfield code="d">Granville.</subfield></datafield><datafield ind1=" " ind2=" " tag="752"><subfield code="a">United States</subfield><subfield code="b">North Dakota</subfield><subfield code="c">McHenry</subfield><subfield code="d">Velva.</subfield></datafield><datafield ind1="0" ind2="0" tag="780"><subfield code="t">Herald (Granville, N.D.)</subfield><subfield code="w">(DLC)sn 88076655</subfield></datafield><datafield ind1="0" ind2="4" tag="785"><subfield code="t">Velva journal</subfield><subfield code="w">(DLC)sn 88076670</subfield></datafield><datafield ind1="1" ind2=" " tag="029"><subfield code="a">AU@</subfield><subfield code="b">000025840256</subfield></datafield></record>